<record><leader>00000cas a22000007a 4500</leader><controlfield tag="001">17350492</controlfield><controlfield tag="008">880115d18411842ohusr ne      0    0eng d</controlfield><datafield ind1=" " ind2=" " tag="010"><subfield code="a">sn 88074017 </subfield></datafield><datafield ind1=" " ind2=" " tag="040"><subfield code="a">NYG</subfield><subfield code="b">eng</subfield><subfield code="c">NYG</subfield><subfield code="d">ONP</subfield><subfield code="d">OCL</subfield><subfield code="d">NYS</subfield><subfield code="d">OCLCQ</subfield><subfield code="d">OCLCO</subfield><subfield code="d">OCLCA</subfield></datafield><datafield ind1="1" ind2=" " tag="029"><subfield code="a">AU@</subfield><subfield code="b">000025829204</subfield></datafield><datafield ind1=" " ind2=" " tag="042"><subfield code="a">msc</subfield></datafield><datafield ind1=" " ind2=" " tag="043"><subfield code="a">n-us-oh</subfield><subfield code="a">n-us-ky</subfield></datafield><datafield ind1="0" ind2="0" tag="245"><subfield code="a">Western Episcopal observer.</subfield></datafield><datafield ind1=" " ind2=" " tag="260"><subfield code="a">Cincinnati [Ohio] and Louisville [Ky.] :</subfield><subfield code="b">Thomas R. Raymond,</subfield><subfield code="c">1841-1842.</subfield></datafield><datafield ind1=" " ind2=" " tag="300"><subfield code="a">v.</subfield></datafield><datafield ind1=" " ind2=" " tag="310"><subfield code="a">Semimonthly,</subfield><subfield code="b">May 21-Oct. 5, 1842</subfield></datafield><datafield ind1=" " ind2=" " tag="321"><subfield code="a">Weekly,</subfield><subfield code="b">Jan. 2, 1841-May 7, 1842</subfield></datafield><datafield ind1="0" ind2=" " tag="362"><subfield code="a">Vol. 11, no. 1 (Jan. 2, 1841)-v. 14, no. 24 (Oct. 5, 1842).</subfield></datafield><datafield ind1=" " ind2=" " tag="500"><subfield code="a">Published in Cincinnati, Ohio and Louisville, Ky., Jan. 2, 1841-May 7, 1842; and in: Cincinnati, Ohio, May 21-Oct. 5, 1842.</subfield></datafield><datafield ind1=" " ind2=" " tag="515"><subfield code="a">Suspended with May 14, 1842 issue; resumed with Aug. 24, 1842 issue.</subfield></datafield><datafield ind1="2" ind2="0" tag="610"><subfield code="a">Episcopal Church</subfield><subfield code="z">Ohio</subfield><subfield code="v">Newspapers.</subfield></datafield><datafield ind1=" " ind2="0" tag="650"><subfield code="a">Episcopal Church (Ky.)</subfield><subfield code="v">Newspapers.</subfield></datafield><datafield ind1=" " ind2="0" tag="651"><subfield code="a">Cincinnati (Ohio)</subfield><subfield code="v">Newspapers.</subfield></datafield><datafield ind1=" " ind2="0" tag="651"><subfield code="a">Louisville (Ky.)</subfield><subfield code="v">Newspapers.</subfield></datafield><datafield ind1=" " ind2=" " tag="752"><subfield code="a">United States</subfield><subfield code="b">Ohio</subfield><subfield code="c">Hamilton</subfield><subfield code="d">Cincinnati.</subfield></datafield><datafield ind1=" " ind2=" " tag="752"><subfield code="a">United States</subfield><subfield code="b">Kentucky</subfield><subfield code="c">Jefferson</subfield><subfield code="d">Louisville.</subfield></datafield><datafield ind1="0" ind2="0" tag="780"><subfield code="t">Gambier observer and western church journal</subfield><subfield code="w">(DLC)sn 88078746</subfield></datafield></record>